% example
@book{Cormen2009,
  title     = {Introduction to Algorithms},
  author    = {Thomas H. Cormen and Charles E. Leiserson and Ronald L. Rivest and Clifford Stein},
  year      = {2009},
  edition   = {3rd},
  publisher = {The MIT Press},
  address   = {Cambridge, MA},
  isbn      = {978-0-262-03384-8},
  url       = {https://mitpress.mit.edu/9780262033848/introduction-to-algorithms/}
}

% Quick Sort
@article{fasha2021comparative,
  author={Fasha, Mohammad},
  title={Comparative analysis for quick sort algorithm under four different modes of execution},
  year={2021},
  journal={arXiv preprint arXiv:2109.01719},
  url = {https://arxiv.org/abs/1503.02504},
    note      = {Accessed: 2024-12-13}
}